<?xml version="1.0" encoding="UTF-8"?><collection xmlns="http://www.loc.gov/MARC21/slim"><record><leader>00534nam--2200181-u-4500</leader><controlfield tag="001">000056692</controlfield><controlfield tag="002">20161230</controlfield><controlfield tag="005">20161230201052</controlfield><controlfield tag="008">160412s1000------------r-----000-0-fre-d</controlfield><datafield ind1=" " ind2=" " tag="040"><subfield code="a">IFIN-HH</subfield></datafield><datafield ind1=" " ind2=" " tag="041"><subfield code="a">fre</subfield></datafield><datafield ind1="1" ind2=" " tag="100"><subfield code="a">Jancel, R</subfield></datafield><datafield ind1="1" ind2="0" tag="245"><subfield code="a">Les Fondements de la mecanique statistique classique et quantique</subfield><subfield code="c">R. Jancel</subfield></datafield><datafield ind1=" " ind2=" " tag="260"><subfield code="a">Paris</subfield><subfield code="b">Gauthier-Villars</subfield><subfield code="c">1963</subfield></datafield><datafield ind1=" " ind2=" " tag="300"><subfield code="a">VIII-XXVI+304p</subfield></datafield><datafield ind1=" " ind2=" " tag="490"><subfield code="a">Traite de physique theorique et de physique mathematique.XIII</subfield></datafield><datafield ind1=" " ind2=" " tag="852"><subfield code="a">10381</subfield><subfield code="c">530.1</subfield></datafield><datafield ind1=" " ind2=" " tag="CAT"><subfield code="a">Sys</subfield><subfield code="c">20160413</subfield><subfield code="h">094756</subfield></datafield></record></collection>